%YAML 1.1
%TAG !u! tag:unity3d.com,2011:
--- !u!1 &1036033813947198
GameObject:
  m_ObjectHideFlags: 0
  m_CorrespondingSourceObject: {fileID: 0}
  m_PrefabInstance: {fileID: 0}
  m_PrefabAsset: {fileID: 0}
  serializedVersion: 6
  m_Component:
  - component: {fileID: 4691281540254746}
  m_Layer: 0
  m_Name: Deer_FrontLeg_L_Shin
  m_TagString: Untagged
  m_Icon: {fileID: 0}
  m_NavMeshLayer: 0
  m_StaticEditorFlags: 0
  m_IsActive: 1
--- !u!4 &4691281540254746
Transform:
  m_ObjectHideFlags: 0
  m_CorrespondingSourceObject: {fileID: 0}
  m_PrefabInstance: {fileID: 0}
  m_PrefabAsset: {fileID: 0}
  m_GameObject: {fileID: 1036033813947198}
  m_LocalRotation: {x: -0.00000044833638, y: -0.00000020547606, z: 0.16533503, w: 0.98623747}
  m_LocalPosition: {x: -0.16693828, y: -0.000000019073486, z: 0.000000009536743}
  m_LocalScale: {x: 1.0000004, y: 1.0000002, z: 0.99999976}
  m_Children:
  - {fileID: 4412633773085758}
  m_Father: {fileID: 4855738395017888}
  m_RootOrder: 0
  m_LocalEulerAnglesHint: {x: -0.000046787103, y: -0.00003298786, z: 19.300259}
--- !u!1 &1043914242882390
GameObject:
  m_ObjectHideFlags: 0
  m_CorrespondingSourceObject: {fileID: 0}
  m_PrefabInstance: {fileID: 0}
  m_PrefabAsset: {fileID: 0}
  serializedVersion: 6
  m_Component:
  - component: {fileID: 4275520529979654}
  - component: {fileID: 137985171231390870}
  m_Layer: 0
  m_Name: LittleDeer
  m_TagString: Untagged
  m_Icon: {fileID: 0}
  m_NavMeshLayer: 0
  m_StaticEditorFlags: 0
  m_IsActive: 1
--- !u!4 &4275520529979654
Transform:
  m_ObjectHideFlags: 0
  m_CorrespondingSourceObject: {fileID: 0}
  m_PrefabInstance: {fileID: 0}
  m_PrefabAsset: {fileID: 0}
  m_GameObject: {fileID: 1043914242882390}
  m_LocalRotation: {x: -0.7071068, y: 0, z: -0, w: 0.7071068}
  m_LocalPosition: {x: -0, y: 0, z: 0}
  m_LocalScale: {x: 1, y: 1, z: 1}
  m_Children: []
  m_Father: {fileID: 4299057327268434}
  m_RootOrder: 1
  m_LocalEulerAnglesHint: {x: 0, y: 0, z: 0}
--- !u!137 &137985171231390870
SkinnedMeshRenderer:
  m_ObjectHideFlags: 0
  m_CorrespondingSourceObject: {fileID: 0}
  m_PrefabInstance: {fileID: 0}
  m_PrefabAsset: {fileID: 0}
  m_GameObject: {fileID: 1043914242882390}
  m_Enabled: 1
  m_CastShadows: 1
  m_ReceiveShadows: 1
  m_DynamicOccludee: 1
  m_MotionVectors: 1
  m_LightProbeUsage: 1
  m_ReflectionProbeUsage: 1
  m_RayTracingMode: 0
  m_RenderingLayerMask: 1
  m_RendererPriority: 0
  m_Materials:
  - {fileID: 2100000, guid: 15a1af6e802e52945bc68c6cf9110db3, type: 2}
  m_StaticBatchInfo:
    firstSubMesh: 0
    subMeshCount: 0
  m_StaticBatchRoot: {fileID: 0}
  m_ProbeAnchor: {fileID: 0}
  m_LightProbeVolumeOverride: {fileID: 0}
  m_ScaleInLightmap: 1
  m_ReceiveGI: 1
  m_PreserveUVs: 0
  m_IgnoreNormalsForChartDetection: 0
  m_ImportantGI: 0
  m_StitchLightmapSeams: 1
  m_SelectedEditorRenderState: 3
  m_MinimumChartSize: 4
  m_AutoUVMaxDistance: 0.5
  m_AutoUVMaxAngle: 89
  m_LightmapParameters: {fileID: 0}
  m_SortingLayerID: 0
  m_SortingLayer: 0
  m_SortingOrder: 0
  serializedVersion: 2
  m_Quality: 0
  m_UpdateWhenOffscreen: 0
  m_SkinnedMotionVectors: 1
  m_Mesh: {fileID: 4300000, guid: bd4c23cd8e594224ba121f471cb37b8d, type: 3}
  m_Bones:
  - {fileID: 4360007241042144}
  - {fileID: 4698796602202272}
  - {fileID: 4696808662069970}
  - {fileID: 4628584857573700}
  - {fileID: 4089179434504844}
  - {fileID: 4635396822989912}
  - {fileID: 4513477172490926}
  - {fileID: 4095912254658942}
  - {fileID: 4855738395017888}
  - {fileID: 4827181790187728}
  - {fileID: 4203706515512702}
  - {fileID: 4573896197335804}
  - {fileID: 4035798357322742}
  - {fileID: 4235700389826050}
  - {fileID: 4208345599494158}
  - {fileID: 4086128842770822}
  - {fileID: 4253205197878446}
  - {fileID: 4507007329246666}
  - {fileID: 4691281540254746}
  - {fileID: 4412633773085758}
  - {fileID: 4366472425709368}
  - {fileID: 4995528086747392}
  - {fileID: 4713911837777180}
  - {fileID: 4818876989032314}
  - {fileID: 4896513361802922}
  - {fileID: 4463762363423118}
  - {fileID: 4165547435028140}
  - {fileID: 4576520728344650}
  - {fileID: 4277864934021342}
  m_BlendShapeWeights:
  - 0
  - 0
  m_RootBone: {fileID: 4095912254658942}
  m_AABB:
    m_Center: {x: -0.19357729, y: -0.07206622, z: -0.0039960146}
    m_Extent: {x: 0.5155862, y: 0.5818093, z: 0.21687424}
  m_DirtyAABB: 0
--- !u!1 &1128027106836468
GameObject:
  m_ObjectHideFlags: 0
  m_CorrespondingSourceObject: {fileID: 0}
  m_PrefabInstance: {fileID: 0}
  m_PrefabAsset: {fileID: 0}
  serializedVersion: 6
  m_Component:
  - component: {fileID: 4628584857573700}
  m_Layer: 0
  m_Name: Deer_spine_Tail
  m_TagString: Untagged
  m_Icon: {fileID: 0}
  m_NavMeshLayer: 0
  m_StaticEditorFlags: 0
  m_IsActive: 1
--- !u!4 &4628584857573700
Transform:
  m_ObjectHideFlags: 0
  m_CorrespondingSourceObject: {fileID: 0}
  m_PrefabInstance: {fileID: 0}
  m_PrefabAsset: {fileID: 0}
  m_GameObject: {fileID: 1128027106836468}
  m_LocalRotation: {x: -0.000000119031895, y: 0.00000012944959, z: 0.60981, w: 0.79254764}
  m_LocalPosition: {x: -0.14535666, y: 0, z: 0.000000003787759}
  m_LocalScale: {x: 1.0000011, y: 0.99999917, z: 1.0000005}
  m_Children: []
  m_Father: {fileID: 4696808662069970}
  m_RootOrder: 0
  m_LocalEulerAnglesHint: {x: -0.060211208, y: 0.015852006, z: 75.13936}
--- !u!1 &1189946660810132
GameObject:
  m_ObjectHideFlags: 0
  m_CorrespondingSourceObject: {fileID: 0}
  m_PrefabInstance: {fileID: 0}
  m_PrefabAsset: {fileID: 0}
  serializedVersion: 6
  m_Component:
  - component: {fileID: 4573896197335804}
  m_Layer: 0
  m_Name: Deer_FrontLeg_R_Clavicle
  m_TagString: Untagged
  m_Icon: {fileID: 0}
  m_NavMeshLayer: 0
  m_StaticEditorFlags: 0
  m_IsActive: 1
--- !u!4 &4573896197335804
Transform:
  m_ObjectHideFlags: 0
  m_CorrespondingSourceObject: {fileID: 0}
  m_PrefabInstance: {fileID: 0}
  m_PrefabAsset: {fileID: 0}
  m_GameObject: {fileID: 1189946660810132}
  m_LocalRotation: {x: 0.6209212, y: 0.7820307, z: -0.033398617, w: 0.042065144}
  m_LocalPosition: {x: -0.223162, y: -0.06065395, z: 0.09458865}
  m_LocalScale: {x: 1.0000004, y: 0.9999999, z: 1.0000008}
  m_Children:
  - {fileID: 4203706515512702}
  m_Father: {fileID: 4513477172490926}
  m_RootOrder: 1
  m_LocalEulerAnglesHint: {x: 5.9969687, y: 178.59892, z: 76.82475}
--- !u!1 &1196126613636780
GameObject:
  m_ObjectHideFlags: 0
  m_CorrespondingSourceObject: {fileID: 0}
  m_PrefabInstance: {fileID: 0}
  m_PrefabAsset: {fileID: 0}
  serializedVersion: 6
  m_Component:
  - component: {fileID: 4513477172490926}
  m_Layer: 0
  m_Name: Deer_spine_Chest
  m_TagString: Untagged
  m_Icon: {fileID: 0}
  m_NavMeshLayer: 0
  m_StaticEditorFlags: 0
  m_IsActive: 1
--- !u!4 &4513477172490926
Transform:
  m_ObjectHideFlags: 0
  m_CorrespondingSourceObject: {fileID: 0}
  m_PrefabInstance: {fileID: 0}
  m_PrefabAsset: {fileID: 0}
  m_GameObject: {fileID: 1196126613636780}
  m_LocalRotation: {x: 0.00000004665319, y: 0.000000045035584, z: -0.15363464, w: 0.9881277}
  m_LocalPosition: {x: -0.19842756, y: 0, z: -0.0000000014473517}
  m_LocalScale: {x: 1.0000002, y: 1.0000001, z: 0.9999999}
  m_Children:
  - {fileID: 4827181790187728}
  - {fileID: 4573896197335804}
  - {fileID: 4035798357322742}
  m_Father: {fileID: 4095912254658942}
  m_RootOrder: 2
  m_LocalEulerAnglesHint: {x: -0.12034132, y: -0.3810428, z: -17.639658}
--- !u!1 &1201161872914444
GameObject:
  m_ObjectHideFlags: 0
  m_CorrespondingSourceObject: {fileID: 0}
  m_PrefabInstance: {fileID: 0}
  m_PrefabAsset: {fileID: 0}
  serializedVersion: 6
  m_Component:
  - component: {fileID: 4366472425709368}
  m_Layer: 0
  m_Name: Deer_BackLeg_L_Foot
  m_TagString: Untagged
  m_Icon: {fileID: 0}
  m_NavMeshLayer: 0
  m_StaticEditorFlags: 0
  m_IsActive: 1
--- !u!4 &4366472425709368
Transform:
  m_ObjectHideFlags: 0
  m_CorrespondingSourceObject: {fileID: 0}
  m_PrefabInstance: {fileID: 0}
  m_PrefabAsset: {fileID: 0}
  m_GameObject: {fileID: 1201161872914444}
  m_LocalRotation: {x: 0.013629535, y: 0.013533281, z: 0.3148211, w: 0.94895667}
  m_LocalPosition: {x: -0.23276806, y: -0.000000038146972, z: 0.00000012397766}
  m_LocalScale: {x: 0.9999992, y: 1.0000005, z: 0.9999999}
  m_Children: []
  m_Father: {fileID: 4507007329246666}
  m_RootOrder: 0
  m_LocalEulerAnglesHint: {x: 1.024713, y: 1.9310318, z: 36.72987}
--- !u!1 &1216204959000680
GameObject:
  m_ObjectHideFlags: 0
  m_CorrespondingSourceObject: {fileID: 0}
  m_PrefabInstance: {fileID: 0}
  m_PrefabAsset: {fileID: 0}
  serializedVersion: 6
  m_Component:
  - component: {fileID: 4165547435028140}
  m_Layer: 0
  m_Name: Deer_FrontLeg_R_Shin
  m_TagString: Untagged
  m_Icon: {fileID: 0}
  m_NavMeshLayer: 0
  m_StaticEditorFlags: 0
  m_IsActive: 1
--- !u!4 &4165547435028140
Transform:
  m_ObjectHideFlags: 0
  m_CorrespondingSourceObject: {fileID: 0}
  m_PrefabInstance: {fileID: 0}
  m_PrefabAsset: {fileID: 0}
  m_GameObject: {fileID: 1216204959000680}
  m_LocalRotation: {x: 0.00000051642286, y: 0.00000021490291, z: 0.16515875, w: 0.98626703}
  m_LocalPosition: {x: -0.1669382, y: 0.000000038146972, z: -0.000000085830685}
  m_LocalScale: {x: 0.99999976, y: 0.9999998, z: 0.99999994}
  m_Children:
  - {fileID: 4576520728344650}
  m_Father: {fileID: 4203706515512702}
  m_RootOrder: 0
  m_LocalEulerAnglesHint: {x: 0.000053456213, y: 0.000033695538, z: 19.280123}
--- !u!1 &1265063342599054
GameObject:
  m_ObjectHideFlags: 0
  m_CorrespondingSourceObject: {fileID: 0}
  m_PrefabInstance: {fileID: 0}
  m_PrefabAsset: {fileID: 0}
  serializedVersion: 6
  m_Component:
  - component: {fileID: 4507007329246666}
  m_Layer: 0
  m_Name: Deer_BackLeg_L_Shin
  m_TagString: Untagged
  m_Icon: {fileID: 0}
  m_NavMeshLayer: 0
  m_StaticEditorFlags: 0
  m_IsActive: 1
--- !u!4 &4507007329246666
Transform:
  m_ObjectHideFlags: 0
  m_CorrespondingSourceObject: {fileID: 0}
  m_PrefabInstance: {fileID: 0}
  m_PrefabAsset: {fileID: 0}
  m_GameObject: {fileID: 1265063342599054}
  m_LocalRotation: {x: 0.00000003850905, y: -0.00000009466231, z: 0.6525849, w: 0.7577156}
  m_LocalPosition: {x: -0.21032621, y: 0.000000038146972, z: 0}
  m_LocalScale: {x: 1.0000001, y: 1.0000001, z: 1.0000004}
  m_Children:
  - {fileID: 4366472425709368}
  m_Father: {fileID: 4698796602202272}
  m_RootOrder: 0
  m_LocalEulerAnglesHint: {x: 0.0000017653683, y: -0.000014530986, z: 81.75095}
--- !u!1 &1269694653455904
GameObject:
  m_ObjectHideFlags: 0
  m_CorrespondingSourceObject: {fileID: 0}
  m_PrefabInstance: {fileID: 0}
  m_PrefabAsset: {fileID: 0}
  serializedVersion: 6
  m_Component:
  - component: {fileID: 4203706515512702}
  m_Layer: 0
  m_Name: Deer_FrontLeg_R_Thigh
  m_TagString: Untagged
  m_Icon: {fileID: 0}
  m_NavMeshLayer: 0
  m_StaticEditorFlags: 0
  m_IsActive: 1
--- !u!4 &4203706515512702
Transform:
  m_ObjectHideFlags: 0
  m_CorrespondingSourceObject: {fileID: 0}
  m_PrefabInstance: {fileID: 0}
  m_PrefabAsset: {fileID: 0}
  m_GameObject: {fileID: 1269694653455904}
  m_LocalRotation: {x: 0.995322, y: 0.07072994, z: -0.06581278, w: 0.00036612875}
  m_LocalPosition: {x: -0.16696316, y: 0.000000076293944, z: 0.000000076293944}
  m_LocalScale: {x: 1.0000006, y: 1.000001, z: 1.0000005}
  m_Children:
  - {fileID: 4165547435028140}
  m_Father: {fileID: 4573896197335804}
  m_RootOrder: 0
  m_LocalEulerAnglesHint: {x: 0.57530123, y: -172.47357, z: 171.73294}
--- !u!1 &1302505587117358
GameObject:
  m_ObjectHideFlags: 0
  m_CorrespondingSourceObject: {fileID: 0}
  m_PrefabInstance: {fileID: 0}
  m_PrefabAsset: {fileID: 0}
  serializedVersion: 6
  m_Component:
  - component: {fileID: 4855738395017888}
  m_Layer: 0
  m_Name: Deer_FrontLeg_L_Thigh
  m_TagString: Untagged
  m_Icon: {fileID: 0}
  m_NavMeshLayer: 0
  m_StaticEditorFlags: 0
  m_IsActive: 1
--- !u!4 &4855738395017888
Transform:
  m_ObjectHideFlags: 0
  m_CorrespondingSourceObject: {fileID: 0}
  m_PrefabInstance: {fileID: 0}
  m_PrefabAsset: {fileID: 0}
  m_GameObject: {fileID: 1302505587117358}
  m_LocalRotation: {x: 0.9952053, y: 0.0713549, z: 0.06632675, w: -0.0086962925}
  m_LocalPosition: {x: -0.16696297, y: 0, z: 0}
  m_LocalScale: {x: 1.0000005, y: 1.0000008, z: 1.0000006}
  m_Children:
  - {fileID: 4691281540254746}
  m_Father: {fileID: 4827181790187728}
  m_RootOrder: 0
  m_LocalEulerAnglesHint: {x: -1.534381, y: 172.48169, z: 171.72348}
--- !u!1 &1303987066751742
GameObject:
  m_ObjectHideFlags: 0
  m_CorrespondingSourceObject: {fileID: 0}
  m_PrefabInstance: {fileID: 0}
  m_PrefabAsset: {fileID: 0}
  serializedVersion: 6
  m_Component:
  - component: {fileID: 4360007241042144}
  m_Layer: 0
  m_Name: Deer_BackLeg_L_Clavicle
  m_TagString: Untagged
  m_Icon: {fileID: 0}
  m_NavMeshLayer: 0
  m_StaticEditorFlags: 0
  m_IsActive: 1
--- !u!4 &4360007241042144
Transform:
  m_ObjectHideFlags: 0
  m_CorrespondingSourceObject: {fileID: 0}
  m_PrefabInstance: {fileID: 0}
  m_PrefabAsset: {fileID: 0}
  m_GameObject: {fileID: 1303987066751742}
  m_LocalRotation: {x: 0.7263406, y: 0.68731445, z: -0.0038646979, w: 0.0036572318}
  m_LocalPosition: {x: -0.019538745, y: -0.044807356, z: -0.106937915}
  m_LocalScale: {x: 0.99999994, y: 0.9999999, z: 1}
  m_Children:
  - {fileID: 4698796602202272}
  m_Father: {fileID: 4095912254658942}
  m_RootOrder: 0
  m_LocalEulerAnglesHint: {x: 0.48592925, y: -179.58575, z: 93.197586}
--- !u!1 &1304611905003570
GameObject:
  m_ObjectHideFlags: 0
  m_CorrespondingSourceObject: {fileID: 0}
  m_PrefabInstance: {fileID: 0}
  m_PrefabAsset: {fileID: 0}
  serializedVersion: 6
  m_Component:
  - component: {fileID: 4235700389826050}
  m_Layer: 0
  m_Name: Deer_head_Head
  m_TagString: Untagged
  m_Icon: {fileID: 0}
  m_NavMeshLayer: 0
  m_StaticEditorFlags: 0
  m_IsActive: 1
--- !u!4 &4235700389826050
Transform:
  m_ObjectHideFlags: 0
  m_CorrespondingSourceObject: {fileID: 0}
  m_PrefabInstance: {fileID: 0}
  m_PrefabAsset: {fileID: 0}
  m_GameObject: {fileID: 1304611905003570}
  m_LocalRotation: {x: -0.000000016737808, y: -0.000000019873495, z: -0.044154685,
    w: 0.99902475}
  m_LocalPosition: {x: -0.084307246, y: 0, z: -0.000000058036438}
  m_LocalScale: {x: 0.99999994, y: 0.99999976, z: 1}
  m_Children:
  - {fileID: 4208345599494158}
  - {fileID: 4253205197878446}
  - {fileID: 4713911837777180}
  - {fileID: 4818876989032314}
  - {fileID: 4896513361802922}
  m_Father: {fileID: 4995528086747392}
  m_RootOrder: 0
  m_LocalEulerAnglesHint: {x: 0.0000008663401, y: 0.000015300391, z: -5.08675}
--- !u!1 &1364104430759598
GameObject:
  m_ObjectHideFlags: 0
  m_CorrespondingSourceObject: {fileID: 0}
  m_PrefabInstance: {fileID: 0}
  m_PrefabAsset: {fileID: 0}
  serializedVersion: 6
  m_Component:
  - component: {fileID: 4896513361802922}
  m_Layer: 0
  m_Name: Deer_R_Ears
  m_TagString: Untagged
  m_Icon: {fileID: 0}
  m_NavMeshLayer: 0
  m_StaticEditorFlags: 0
  m_IsActive: 1
--- !u!4 &4896513361802922
Transform:
  m_ObjectHideFlags: 0
  m_CorrespondingSourceObject: {fileID: 0}
  m_PrefabInstance: {fileID: 0}
  m_PrefabAsset: {fileID: 0}
  m_GameObject: {fileID: 1364104430759598}
  m_LocalRotation: {x: 0.78529686, y: -0.5205221, z: -0.27940452, w: -0.18519892}
  m_LocalPosition: {x: -0.11950927, y: 0.051536873, z: 0.099378295}
  m_LocalScale: {x: 1.0000002, y: 1.0000001, z: 1.0000006}
  m_Children: []
  m_Father: {fileID: 4235700389826050}
  m_RootOrder: 4
  m_LocalEulerAnglesHint: {x: -35.624084, y: -162.31123, z: -118.69361}
--- !u!1 &1419464100490912
GameObject:
  m_ObjectHideFlags: 0
  m_CorrespondingSourceObject: {fileID: 0}
  m_PrefabInstance: {fileID: 0}
  m_PrefabAsset: {fileID: 0}
  serializedVersion: 6
  m_Component:
  - component: {fileID: 4095912254658942}
  m_Layer: 0
  m_Name: Deer_spine_root
  m_TagString: Untagged
  m_Icon: {fileID: 0}
  m_NavMeshLayer: 0
  m_StaticEditorFlags: 0
  m_IsActive: 1
--- !u!4 &4095912254658942
Transform:
  m_ObjectHideFlags: 0
  m_CorrespondingSourceObject: {fileID: 0}
  m_PrefabInstance: {fileID: 0}
  m_PrefabAsset: {fileID: 0}
  m_GameObject: {fileID: 1419464100490912}
  m_LocalRotation: {x: 0.052764397, y: 0.70513564, z: 0.052763835, w: 0.70513517}
  m_LocalPosition: {x: -0.0000000055702927, y: 0.6004, z: -0.22067282}
  m_LocalScale: {x: 1.0000007, y: 1.0000005, z: 0.99999994}
  m_Children:
  - {fileID: 4360007241042144}
  - {fileID: 4089179434504844}
  - {fileID: 4513477172490926}
  - {fileID: 4696808662069970}
  m_Father: {fileID: 4299057327268434}
  m_RootOrder: 0
  m_LocalEulerAnglesHint: {x: -0.06460848, y: 89.6057, z: 8.594178}
--- !u!1 &1440398458538106
GameObject:
  m_ObjectHideFlags: 0
  m_CorrespondingSourceObject: {fileID: 0}
  m_PrefabInstance: {fileID: 0}
  m_PrefabAsset: {fileID: 0}
  serializedVersion: 6
  m_Component:
  - component: {fileID: 4995528086747392}
  m_Layer: 0
  m_Name: Deer_head_HighNeck
  m_TagString: Untagged
  m_Icon: {fileID: 0}
  m_NavMeshLayer: 0
  m_StaticEditorFlags: 0
  m_IsActive: 1
--- !u!4 &4995528086747392
Transform:
  m_ObjectHideFlags: 0
  m_CorrespondingSourceObject: {fileID: 0}
  m_PrefabInstance: {fileID: 0}
  m_PrefabAsset: {fileID: 0}
  m_GameObject: {fileID: 1440398458538106}
  m_LocalRotation: {x: -0.000000005947895, y: 0.000000011391969, z: -0.045516558,
    w: 0.9989636}
  m_LocalPosition: {x: -0.072979964, y: 0, z: 0.000000009536761}
  m_LocalScale: {x: 1, y: 1.0000001, z: 0.99999964}
  m_Children:
  - {fileID: 4235700389826050}
  m_Father: {fileID: 4035798357322742}
  m_RootOrder: 0
  m_LocalEulerAnglesHint: {x: -0.0000006214538, y: 0.0000013350935, z: -5.2176156}
--- !u!1 &1485284667466358
GameObject:
  m_ObjectHideFlags: 0
  m_CorrespondingSourceObject: {fileID: 0}
  m_PrefabInstance: {fileID: 0}
  m_PrefabAsset: {fileID: 0}
  serializedVersion: 6
  m_Component:
  - component: {fileID: 4089179434504844}
  m_Layer: 0
  m_Name: Deer_BackLeg_R_Clavicle
  m_TagString: Untagged
  m_Icon: {fileID: 0}
  m_NavMeshLayer: 0
  m_StaticEditorFlags: 0
  m_IsActive: 1
--- !u!4 &4089179434504844
Transform:
  m_ObjectHideFlags: 0
  m_CorrespondingSourceObject: {fileID: 0}
  m_PrefabInstance: {fileID: 0}
  m_PrefabAsset: {fileID: 0}
  m_GameObject: {fileID: 1485284667466358}
  m_LocalRotation: {x: 0.72634053, y: 0.6873145, z: 0.0038644932, w: -0.0036568553}
  m_LocalPosition: {x: -0.019538822, y: -0.04480713, z: 0.10693797}
  m_LocalScale: {x: 0.99999976, y: 0.9999996, z: 1}
  m_Children:
  - {fileID: 4635396822989912}
  m_Father: {fileID: 4095912254658942}
  m_RootOrder: 1
  m_LocalEulerAnglesHint: {x: -0.7315773, y: -179.65375, z: 93.19773}
--- !u!1 &1539186089571130
GameObject:
  m_ObjectHideFlags: 0
  m_CorrespondingSourceObject: {fileID: 0}
  m_PrefabInstance: {fileID: 0}
  m_PrefabAsset: {fileID: 0}
  serializedVersion: 6
  m_Component:
  - component: {fileID: 4463762363423118}
  m_Layer: 0
  m_Name: Deer_BackLeg_R_Shin
  m_TagString: Untagged
  m_Icon: {fileID: 0}
  m_NavMeshLayer: 0
  m_StaticEditorFlags: 0
  m_IsActive: 1
--- !u!4 &4463762363423118
Transform:
  m_ObjectHideFlags: 0
  m_CorrespondingSourceObject: {fileID: 0}
  m_PrefabInstance: {fileID: 0}
  m_PrefabAsset: {fileID: 0}
  m_GameObject: {fileID: 1539186089571130}
  m_LocalRotation: {x: -0.00000002337221, y: 0.00000005853427, z: 0.6525848, w: 0.7577157}
  m_LocalPosition: {x: -0.21032637, y: -0.00000019073485, z: 0}
  m_LocalScale: {x: 0.9999993, y: 1.0000008, z: 1.0000002}
  m_Children:
  - {fileID: 4277864934021342}
  m_Father: {fileID: 4635396822989912}
  m_RootOrder: 0
  m_LocalEulerAnglesHint: {x: -0.000012828803, y: -0.000005201676, z: 81.750885}
--- !u!1 &1573557341853250
GameObject:
  m_ObjectHideFlags: 0
  m_CorrespondingSourceObject: {fileID: 0}
  m_PrefabInstance: {fileID: 0}
  m_PrefabAsset: {fileID: 0}
  serializedVersion: 6
  m_Component:
  - component: {fileID: 4698796602202272}
  m_Layer: 0
  m_Name: Deer_BackLeg_L_Thigh
  m_TagString: Untagged
  m_Icon: {fileID: 0}
  m_NavMeshLayer: 0
  m_StaticEditorFlags: 0
  m_IsActive: 1
--- !u!4 &4698796602202272
Transform:
  m_ObjectHideFlags: 0
  m_CorrespondingSourceObject: {fileID: 0}
  m_PrefabInstance: {fileID: 0}
  m_PrefabAsset: {fileID: 0}
  m_GameObject: {fileID: 1573557341853250}
  m_LocalRotation: {x: -0.079810575, y: -0.01242903, z: -0.4693546, w: 0.87930775}
  m_LocalPosition: {x: -0.18418041, y: -0.000000076293944, z: -0.000000009536743}
  m_LocalScale: {x: 0.9999999, y: 1.0000001, z: 1.0000001}
  m_Children:
  - {fileID: 4507007329246666}
  m_Father: {fileID: 4360007241042144}
  m_RootOrder: 0
  m_LocalEulerAnglesHint: {x: -8.775738, y: 3.1040752, z: -56.80283}
--- !u!1 &1584313031284760
GameObject:
  m_ObjectHideFlags: 0
  m_CorrespondingSourceObject: {fileID: 0}
  m_PrefabInstance: {fileID: 0}
  m_PrefabAsset: {fileID: 0}
  serializedVersion: 6
  m_Component:
  - component: {fileID: 4713911837777180}
  m_Layer: 0
  m_Name: Deer_head_REye
  m_TagString: Untagged
  m_Icon: {fileID: 0}
  m_NavMeshLayer: 0
  m_StaticEditorFlags: 0
  m_IsActive: 1
--- !u!4 &4713911837777180
Transform:
  m_ObjectHideFlags: 0
  m_CorrespondingSourceObject: {fileID: 0}
  m_PrefabInstance: {fileID: 0}
  m_PrefabAsset: {fileID: 0}
  m_GameObject: {fileID: 1584313031284760}
  m_LocalRotation: {x: 0.00000035692935, y: -0.00000034884525, z: 0.66541266, w: 0.7464757}
  m_LocalPosition: {x: -0.09454681, y: -0.059232034, z: 0.06042729}
  m_LocalScale: {x: 1.0000005, y: 1.0000001, z: 1.0000005}
  m_Children: []
  m_Father: {fileID: 4235700389826050}
  m_RootOrder: 2
  m_LocalEulerAnglesHint: {x: 0.00005265892, y: -0.000012555354, z: 83.10163}
--- !u!1 &1634073443193018
GameObject:
  m_ObjectHideFlags: 0
  m_CorrespondingSourceObject: {fileID: 0}
  m_PrefabInstance: {fileID: 0}
  m_PrefabAsset: {fileID: 0}
  serializedVersion: 6
  m_Component:
  - component: {fileID: 4277864934021342}
  m_Layer: 0
  m_Name: Deer_BackLeg_R_Foot
  m_TagString: Untagged
  m_Icon: {fileID: 0}
  m_NavMeshLayer: 0
  m_StaticEditorFlags: 0
  m_IsActive: 1
--- !u!4 &4277864934021342
Transform:
  m_ObjectHideFlags: 0
  m_CorrespondingSourceObject: {fileID: 0}
  m_PrefabInstance: {fileID: 0}
  m_PrefabAsset: {fileID: 0}
  m_GameObject: {fileID: 1634073443193018}
  m_LocalRotation: {x: -0.0137004545, y: -0.013292676, z: 0.31504092, w: 0.9488861}
  m_LocalPosition: {x: -0.23276782, y: 0, z: 0.000000076293944}
  m_LocalScale: {x: 0.9999992, y: 1.0000007, z: 1}
  m_Children: []
  m_Father: {fileID: 4463762363423118}
  m_RootOrder: 0
  m_LocalEulerAnglesHint: {x: -1.0636908, y: -1.9015335, z: 36.783348}
--- !u!1 &1659487573814786
GameObject:
  m_ObjectHideFlags: 0
  m_CorrespondingSourceObject: {fileID: 0}
  m_PrefabInstance: {fileID: 0}
  m_PrefabAsset: {fileID: 0}
  serializedVersion: 6
  m_Component:
  - component: {fileID: 4827181790187728}
  m_Layer: 0
  m_Name: Deer_FrontLeg_L_Clavicle
  m_TagString: Untagged
  m_Icon: {fileID: 0}
  m_NavMeshLayer: 0
  m_StaticEditorFlags: 0
  m_IsActive: 1
--- !u!4 &4827181790187728
Transform:
  m_ObjectHideFlags: 0
  m_CorrespondingSourceObject: {fileID: 0}
  m_PrefabInstance: {fileID: 0}
  m_PrefabAsset: {fileID: 0}
  m_GameObject: {fileID: 1659487573814786}
  m_LocalRotation: {x: 0.62092143, y: 0.78203046, z: 0.03339857, w: -0.04206484}
  m_LocalPosition: {x: -0.22316197, y: -0.06065403, z: -0.09458855}
  m_LocalScale: {x: 1.0000004, y: 0.9999996, z: 1.0000004}
  m_Children:
  - {fileID: 4855738395017888}
  m_Father: {fileID: 4513477172490926}
  m_RootOrder: 0
  m_LocalEulerAnglesHint: {x: -5.996937, y: -178.59897, z: 76.82479}
--- !u!1 &1689830810039212
GameObject:
  m_ObjectHideFlags: 0
  m_CorrespondingSourceObject: {fileID: 0}
  m_PrefabInstance: {fileID: 0}
  m_PrefabAsset: {fileID: 0}
  serializedVersion: 6
  m_Component:
  - component: {fileID: 4208345599494158}
  m_Layer: 0
  m_Name: Deer_head_Jaw
  m_TagString: Untagged
  m_Icon: {fileID: 0}
  m_NavMeshLayer: 0
  m_StaticEditorFlags: 0
  m_IsActive: 1
--- !u!4 &4208345599494158
Transform:
  m_ObjectHideFlags: 0
  m_CorrespondingSourceObject: {fileID: 0}
  m_PrefabInstance: {fileID: 0}
  m_PrefabAsset: {fileID: 0}
  m_GameObject: {fileID: 1689830810039212}
  m_LocalRotation: {x: 0.0000002642463, y: 0.00000006250819, z: 0.71096855, w: 0.7032238}
  m_LocalPosition: {x: 0.014718094, y: -0.0748758, z: 0.000000003843306}
  m_LocalScale: {x: 1, y: 0.9999997, z: 1.0000002}
  m_Children:
  - {fileID: 4086128842770822}
  m_Father: {fileID: 4235700389826050}
  m_RootOrder: 0
  m_LocalEulerAnglesHint: {x: 0.000021017713, y: 0.0000092038335, z: 90.49882}
--- !u!1 &1763862875895212
GameObject:
  m_ObjectHideFlags: 0
  m_CorrespondingSourceObject: {fileID: 0}
  m_PrefabInstance: {fileID: 0}
  m_PrefabAsset: {fileID: 0}
  serializedVersion: 6
  m_Component:
  - component: {fileID: 4253205197878446}
  m_Layer: 0
  m_Name: Deer_head_LEye
  m_TagString: Untagged
  m_Icon: {fileID: 0}
  m_NavMeshLayer: 0
  m_StaticEditorFlags: 0
  m_IsActive: 1
--- !u!4 &4253205197878446
Transform:
  m_ObjectHideFlags: 0
  m_CorrespondingSourceObject: {fileID: 0}
  m_PrefabInstance: {fileID: 0}
  m_PrefabAsset: {fileID: 0}
  m_GameObject: {fileID: 1763862875895212}
  m_LocalRotation: {x: 0.0000003531034, y: -0.00000037814397, z: 0.66541266, w: 0.7464757}
  m_LocalPosition: {x: -0.09454689, y: -0.059232015, z: -0.060427234}
  m_LocalScale: {x: 1.0000005, y: 1.0000002, z: 1.0000004}
  m_Children: []
  m_Father: {fileID: 4235700389826050}
  m_RootOrder: 1
  m_LocalEulerAnglesHint: {x: 0.000049592618, y: -0.000009879446, z: 83.10165}
--- !u!1 &1768513681890242
GameObject:
  m_ObjectHideFlags: 0
  m_CorrespondingSourceObject: {fileID: 0}
  m_PrefabInstance: {fileID: 0}
  m_PrefabAsset: {fileID: 0}
  serializedVersion: 6
  m_Component:
  - component: {fileID: 4576520728344650}
  m_Layer: 0
  m_Name: Deer_FrontLeg_R_Foot
  m_TagString: Untagged
  m_Icon: {fileID: 0}
  m_NavMeshLayer: 0
  m_StaticEditorFlags: 0
  m_IsActive: 1
--- !u!4 &4576520728344650
Transform:
  m_ObjectHideFlags: 0
  m_CorrespondingSourceObject: {fileID: 0}
  m_PrefabInstance: {fileID: 0}
  m_PrefabAsset: {fileID: 0}
  m_GameObject: {fileID: 1768513681890242}
  m_LocalRotation: {x: 0.83783925, y: -0.5454062, z: -0.02301191, w: -0.005295058}
  m_LocalPosition: {x: -0.16324219, y: -0.000000038146972, z: 0.000000085830685}
  m_LocalScale: {x: 0.9999994, y: 1.0000005, z: 1.0000006}
  m_Children: []
  m_Father: {fileID: 4165547435028140}
  m_RootOrder: 0
  m_LocalEulerAnglesHint: {x: -1.9535627, y: -178.12555, z: -113.71863}
--- !u!1 &1780311481392740
GameObject:
  m_ObjectHideFlags: 0
  m_CorrespondingSourceObject: {fileID: 0}
  m_PrefabInstance: {fileID: 0}
  m_PrefabAsset: {fileID: 0}
  serializedVersion: 6
  m_Component:
  - component: {fileID: 4818876989032314}
  m_Layer: 0
  m_Name: Deer_L_Ears
  m_TagString: Untagged
  m_Icon: {fileID: 0}
  m_NavMeshLayer: 0
  m_StaticEditorFlags: 0
  m_IsActive: 1
--- !u!4 &4818876989032314
Transform:
  m_ObjectHideFlags: 0
  m_CorrespondingSourceObject: {fileID: 0}
  m_PrefabInstance: {fileID: 0}
  m_PrefabAsset: {fileID: 0}
  m_GameObject: {fileID: 1780311481392740}
  m_LocalRotation: {x: 0.78529686, y: -0.52052194, z: 0.27940494, w: 0.18519899}
  m_LocalPosition: {x: -0.11950927, y: 0.051536627, z: -0.0993785}
  m_LocalScale: {x: 1.0000004, y: 1.0000005, z: 1.0000004}
  m_Children: []
  m_Father: {fileID: 4235700389826050}
  m_RootOrder: 3
  m_LocalEulerAnglesHint: {x: 35.623, y: 162.27, z: -118.777245}
--- !u!1 &1797296499935216
GameObject:
  m_ObjectHideFlags: 0
  m_CorrespondingSourceObject: {fileID: 0}
  m_PrefabInstance: {fileID: 0}
  m_PrefabAsset: {fileID: 0}
  serializedVersion: 6
  m_Component:
  - component: {fileID: 4412633773085758}
  m_Layer: 0
  m_Name: Deer_FrontLeg_L_Foot
  m_TagString: Untagged
  m_Icon: {fileID: 0}
  m_NavMeshLayer: 0
  m_StaticEditorFlags: 0
  m_IsActive: 1
--- !u!4 &4412633773085758
Transform:
  m_ObjectHideFlags: 0
  m_CorrespondingSourceObject: {fileID: 0}
  m_PrefabInstance: {fileID: 0}
  m_PrefabAsset: {fileID: 0}
  m_GameObject: {fileID: 1797296499935216}
  m_LocalRotation: {x: 0.8377737, y: -0.5452923, z: 0.024658378, w: 0.013547611}
  m_LocalPosition: {x: -0.16324219, y: -0.000000095367426, z: 0}
  m_LocalScale: {x: 0.99999934, y: 1.0000001, z: 1.0000006}
  m_Children: []
  m_Father: {fileID: 4691281540254746}
  m_RootOrder: 0
  m_LocalEulerAnglesHint: {x: 2.8479984, y: 178.4855, z: -113.73127}
--- !u!1 &1805690711816154
GameObject:
  m_ObjectHideFlags: 0
  m_CorrespondingSourceObject: {fileID: 0}
  m_PrefabInstance: {fileID: 0}
  m_PrefabAsset: {fileID: 0}
  serializedVersion: 6
  m_Component:
  - component: {fileID: 4035798357322742}
  m_Layer: 0
  m_Name: Deer_head_LowNeck
  m_TagString: Untagged
  m_Icon: {fileID: 0}
  m_NavMeshLayer: 0
  m_StaticEditorFlags: 0
  m_IsActive: 1
--- !u!4 &4035798357322742
Transform:
  m_ObjectHideFlags: 0
  m_CorrespondingSourceObject: {fileID: 0}
  m_PrefabInstance: {fileID: 0}
  m_PrefabAsset: {fileID: 0}
  m_GameObject: {fileID: 1805690711816154}
  m_LocalRotation: {x: -0.00000009495508, y: -0.00000015900099, z: -0.5009355, w: 0.8654846}
  m_LocalPosition: {x: -0.26949108, y: 0.04863613, z: 0.0000001986633}
  m_LocalScale: {x: 1.0000007, y: 0.99999934, z: 1.0000007}
  m_Children:
  - {fileID: 4995528086747392}
  m_Father: {fileID: 4513477172490926}
  m_RootOrder: 2
  m_LocalEulerAnglesHint: {x: -0.000018544511, y: -0.000010318572, z: -60.123817}
--- !u!1 &1825085565375500
GameObject:
  m_ObjectHideFlags: 0
  m_CorrespondingSourceObject: {fileID: 0}
  m_PrefabInstance: {fileID: 0}
  m_PrefabAsset: {fileID: 0}
  serializedVersion: 6
  m_Component:
  - component: {fileID: 4299057327268434}
  - component: {fileID: 95420274208215444}
  m_Layer: 0
  m_Name: LittleDeerGreyNoAntler
  m_TagString: Untagged
  m_Icon: {fileID: 0}
  m_NavMeshLayer: 0
  m_StaticEditorFlags: 0
  m_IsActive: 1
--- !u!4 &4299057327268434
Transform:
  m_ObjectHideFlags: 0
  m_CorrespondingSourceObject: {fileID: 0}
  m_PrefabInstance: {fileID: 0}
  m_PrefabAsset: {fileID: 0}
  m_GameObject: {fileID: 1825085565375500}
  m_LocalRotation: {x: 0, y: 0, z: 0, w: 1}
  m_LocalPosition: {x: 0, y: 0, z: 0}
  m_LocalScale: {x: 1, y: 1, z: 1}
  m_Children:
  - {fileID: 4095912254658942}
  - {fileID: 4275520529979654}
  m_Father: {fileID: 0}
  m_RootOrder: 0
  m_LocalEulerAnglesHint: {x: 0, y: 0, z: 0}
--- !u!95 &95420274208215444
Animator:
  serializedVersion: 3
  m_ObjectHideFlags: 0
  m_CorrespondingSourceObject: {fileID: 0}
  m_PrefabInstance: {fileID: 0}
  m_PrefabAsset: {fileID: 0}
  m_GameObject: {fileID: 1825085565375500}
  m_Enabled: 1
  m_Avatar: {fileID: 9000000, guid: bd4c23cd8e594224ba121f471cb37b8d, type: 3}
  m_Controller: {fileID: 9100000, guid: 7fe688920ae84e34b87e43341933d161, type: 2}
  m_CullingMode: 1
  m_UpdateMode: 0
  m_ApplyRootMotion: 0
  m_LinearVelocityBlending: 0
  m_WarningMessage: 
  m_HasTransformHierarchy: 1
  m_AllowConstantClipSamplingOptimization: 1
  m_KeepAnimatorControllerStateOnDisable: 0
--- !u!1 &1930837372392700
GameObject:
  m_ObjectHideFlags: 0
  m_CorrespondingSourceObject: {fileID: 0}
  m_PrefabInstance: {fileID: 0}
  m_PrefabAsset: {fileID: 0}
  serializedVersion: 6
  m_Component:
  - component: {fileID: 4635396822989912}
  m_Layer: 0
  m_Name: Deer_BackLeg_R_Thigh
  m_TagString: Untagged
  m_Icon: {fileID: 0}
  m_NavMeshLayer: 0
  m_StaticEditorFlags: 0
  m_IsActive: 1
--- !u!4 &4635396822989912
Transform:
  m_ObjectHideFlags: 0
  m_CorrespondingSourceObject: {fileID: 0}
  m_PrefabInstance: {fileID: 0}
  m_PrefabAsset: {fileID: 0}
  m_GameObject: {fileID: 1930837372392700}
  m_LocalRotation: {x: 0.08006136, y: 0.012440492, z: -0.4695477, w: 0.8791817}
  m_LocalPosition: {x: -0.18418029, y: -0.000000019073486, z: 0.000000009536743}
  m_LocalScale: {x: 0.9999999, y: 1.0000005, z: 0.9999998}
  m_Children:
  - {fileID: 4463762363423118}
  m_Father: {fileID: 4089179434504844}
  m_RootOrder: 0
  m_LocalEulerAnglesHint: {x: 8.788517, y: -3.1129735, z: -56.882244}
--- !u!1 &1951196335796224
GameObject:
  m_ObjectHideFlags: 0
  m_CorrespondingSourceObject: {fileID: 0}
  m_PrefabInstance: {fileID: 0}
  m_PrefabAsset: {fileID: 0}
  serializedVersion: 6
  m_Component:
  - component: {fileID: 4696808662069970}
  m_Layer: 0
  m_Name: Deer_spine_LowerBack
  m_TagString: Untagged
  m_Icon: {fileID: 0}
  m_NavMeshLayer: 0
  m_StaticEditorFlags: 0
  m_IsActive: 1
--- !u!4 &4696808662069970
Transform:
  m_ObjectHideFlags: 0
  m_CorrespondingSourceObject: {fileID: 0}
  m_PrefabInstance: {fileID: 0}
  m_PrefabAsset: {fileID: 0}
  m_GameObject: {fileID: 1951196335796224}
  m_LocalRotation: {x: -0.00000033078308, y: 0.0000002920269, z: 0.9912064, w: 0.132325}
  m_LocalPosition: {x: -0, y: 0, z: 0}
  m_LocalScale: {x: 1.0000004, y: 1.0000001, z: 1}
  m_Children:
  - {fileID: 4628584857573700}
  m_Father: {fileID: 4095912254658942}
  m_RootOrder: 3
  m_LocalEulerAnglesHint: {x: 0.12280916, y: 0.38022178, z: 164.75725}
--- !u!1 &1994401084099926
GameObject:
  m_ObjectHideFlags: 0
  m_CorrespondingSourceObject: {fileID: 0}
  m_PrefabInstance: {fileID: 0}
  m_PrefabAsset: {fileID: 0}
  serializedVersion: 6
  m_Component:
  - component: {fileID: 4086128842770822}
  m_Layer: 0
  m_Name: Deer_head_Mouth
  m_TagString: Untagged
  m_Icon: {fileID: 0}
  m_NavMeshLayer: 0
  m_StaticEditorFlags: 0
  m_IsActive: 1
--- !u!4 &4086128842770822
Transform:
  m_ObjectHideFlags: 0
  m_CorrespondingSourceObject: {fileID: 0}
  m_PrefabInstance: {fileID: 0}
  m_PrefabAsset: {fileID: 0}
  m_GameObject: {fileID: 1994401084099926}
  m_LocalRotation: {x: 0.000000103830175, y: -0.000000012461617, z: -0.09373631, w: 0.99559706}
  m_LocalPosition: {x: -0.053459052, y: -0.000000076293944, z: -0.000000038147043}
  m_LocalScale: {x: 1.0000001, y: 1, z: 1.0000001}
  m_Children: []
  m_Father: {fileID: 4208345599494158}
  m_RootOrder: 0
  m_LocalEulerAnglesHint: {x: 0.00001171182, y: -0.000002536989, z: -10.757182}
