%YAML 1.1
%TAG !u! tag:unity3d.com,2011:
--- !u!1 &2512409263974144880
GameObject:
  m_ObjectHideFlags: 0
  m_CorrespondingSourceObject: {fileID: 0}
  m_PrefabInstance: {fileID: 0}
  m_PrefabAsset: {fileID: 0}
  serializedVersion: 6
  m_Component:
  - component: {fileID: 2512409263974106960}
  - component: {fileID: 612171929868192299}
  - component: {fileID: -7839466238017737071}
  m_Layer: 8
  m_Name: Balloon_Obstacle 1
  m_TagString: Untagged
  m_Icon: {fileID: 0}
  m_NavMeshLayer: 0
  m_StaticEditorFlags: 0
  m_IsActive: 1
--- !u!4 &2512409263974106960
Transform:
  m_ObjectHideFlags: 0
  m_CorrespondingSourceObject: {fileID: 0}
  m_PrefabInstance: {fileID: 0}
  m_PrefabAsset: {fileID: 0}
  m_GameObject: {fileID: 2512409263974144880}
  m_LocalRotation: {x: 0.7071068, y: 0, z: 0, w: 0.7071068}
  m_LocalPosition: {x: -1.83, y: -4.68, z: 0.81}
  m_LocalScale: {x: 6.5, y: 7, z: 6.5}
  m_Children:
  - {fileID: 356673880306055951}
  - {fileID: 5095433932078551147}
  - {fileID: 7930769874067925396}
  - {fileID: 5241544603978854734}
  - {fileID: 3071278734521434953}
  - {fileID: 2598286859378468727}
  - {fileID: 8771643180393615612}
  m_Father: {fileID: 0}
  m_RootOrder: 0
  m_LocalEulerAnglesHint: {x: 90, y: 0, z: 0}
--- !u!65 &612171929868192299
BoxCollider:
  m_ObjectHideFlags: 0
  m_CorrespondingSourceObject: {fileID: 0}
  m_PrefabInstance: {fileID: 0}
  m_PrefabAsset: {fileID: 0}
  m_GameObject: {fileID: 2512409263974144880}
  m_Material: {fileID: 0}
  m_IsTrigger: 0
  m_Enabled: 1
  serializedVersion: 2
  m_Size: {x: 1, y: 2.5, z: 4}
  m_Center: {x: -0.08690583, y: 5.75, z: 0.05207122}
--- !u!114 &-7839466238017737071
MonoBehaviour:
  m_ObjectHideFlags: 0
  m_CorrespondingSourceObject: {fileID: 0}
  m_PrefabInstance: {fileID: 0}
  m_PrefabAsset: {fileID: 0}
  m_GameObject: {fileID: 2512409263974144880}
  m_Enabled: 1
  m_EditorHideFlags: 0
  m_Script: {fileID: 11500000, guid: d683ebf688744004cb55ac96b7c5f088, type: 3}
  m_Name: 
  m_EditorClassIdentifier: 
  CanSpawnStart: 0
  height: 2
  onMe: {fileID: 0}
--- !u!1001 &352130159157541407
PrefabInstance:
  m_ObjectHideFlags: 0
  serializedVersion: 2
  m_Modification:
    m_TransformParent: {fileID: 2512409263974106960}
    m_Modifications:
    - target: {fileID: 1991170756168036, guid: 3739500620bc97943b365ac1c7a1bb27, type: 3}
      propertyPath: m_Name
      value: HotAirBalloon_01
      objectReference: {fileID: 0}
    - target: {fileID: 4553639133970704, guid: 3739500620bc97943b365ac1c7a1bb27, type: 3}
      propertyPath: m_LocalPosition.x
      value: 0
      objectReference: {fileID: 0}
    - target: {fileID: 4553639133970704, guid: 3739500620bc97943b365ac1c7a1bb27, type: 3}
      propertyPath: m_LocalPosition.y
      value: 4.39
      objectReference: {fileID: 0}
    - target: {fileID: 4553639133970704, guid: 3739500620bc97943b365ac1c7a1bb27, type: 3}
      propertyPath: m_LocalPosition.z
      value: -0
      objectReference: {fileID: 0}
    - target: {fileID: 4553639133970704, guid: 3739500620bc97943b365ac1c7a1bb27, type: 3}
      propertyPath: m_LocalRotation.x
      value: 0.00000008146034
      objectReference: {fileID: 0}
    - target: {fileID: 4553639133970704, guid: 3739500620bc97943b365ac1c7a1bb27, type: 3}
      propertyPath: m_LocalRotation.y
      value: 0
      objectReference: {fileID: 0}
    - target: {fileID: 4553639133970704, guid: 3739500620bc97943b365ac1c7a1bb27, type: 3}
      propertyPath: m_LocalRotation.z
      value: -0
      objectReference: {fileID: 0}
    - target: {fileID: 4553639133970704, guid: 3739500620bc97943b365ac1c7a1bb27, type: 3}
      propertyPath: m_LocalRotation.w
      value: 1
      objectReference: {fileID: 0}
    - target: {fileID: 4553639133970704, guid: 3739500620bc97943b365ac1c7a1bb27, type: 3}
      propertyPath: m_RootOrder
      value: 0
      objectReference: {fileID: 0}
    - target: {fileID: 4553639133970704, guid: 3739500620bc97943b365ac1c7a1bb27, type: 3}
      propertyPath: m_LocalEulerAnglesHint.x
      value: 0
      objectReference: {fileID: 0}
    - target: {fileID: 4553639133970704, guid: 3739500620bc97943b365ac1c7a1bb27, type: 3}
      propertyPath: m_LocalEulerAnglesHint.y
      value: 0
      objectReference: {fileID: 0}
    - target: {fileID: 4553639133970704, guid: 3739500620bc97943b365ac1c7a1bb27, type: 3}
      propertyPath: m_LocalEulerAnglesHint.z
      value: 0
      objectReference: {fileID: 0}
    - target: {fileID: 4553639133970704, guid: 3739500620bc97943b365ac1c7a1bb27, type: 3}
      propertyPath: m_LocalScale.x
      value: 1.5
      objectReference: {fileID: 0}
    - target: {fileID: 4553639133970704, guid: 3739500620bc97943b365ac1c7a1bb27, type: 3}
      propertyPath: m_LocalScale.y
      value: 1.5
      objectReference: {fileID: 0}
    - target: {fileID: 4553639133970704, guid: 3739500620bc97943b365ac1c7a1bb27, type: 3}
      propertyPath: m_LocalScale.z
      value: 1.5
      objectReference: {fileID: 0}
    - target: {fileID: 33962747410845786, guid: 3739500620bc97943b365ac1c7a1bb27,
        type: 3}
      propertyPath: m_Mesh
      value: 
      objectReference: {fileID: 4300000, guid: fef0c097afe290649826fa063aba12a9, type: 3}
    m_RemovedComponents: []
  m_SourcePrefab: {fileID: 100100000, guid: 3739500620bc97943b365ac1c7a1bb27, type: 3}
--- !u!4 &356673880306055951 stripped
Transform:
  m_CorrespondingSourceObject: {fileID: 4553639133970704, guid: 3739500620bc97943b365ac1c7a1bb27,
    type: 3}
  m_PrefabInstance: {fileID: 352130159157541407}
  m_PrefabAsset: {fileID: 0}
--- !u!1001 &2602580709852110999
PrefabInstance:
  m_ObjectHideFlags: 0
  serializedVersion: 2
  m_Modification:
    m_TransformParent: {fileID: 2512409263974106960}
    m_Modifications:
    - target: {fileID: 1293884616226790, guid: 5c0c148e08165674bb5ca130b796675e, type: 3}
      propertyPath: m_Name
      value: RoadPiece_04
      objectReference: {fileID: 0}
    - target: {fileID: 4716338146002912, guid: 5c0c148e08165674bb5ca130b796675e, type: 3}
      propertyPath: m_LocalPosition.x
      value: -1.5699
      objectReference: {fileID: 0}
    - target: {fileID: 4716338146002912, guid: 5c0c148e08165674bb5ca130b796675e, type: 3}
      propertyPath: m_LocalPosition.y
      value: -1.5465
      objectReference: {fileID: 0}
    - target: {fileID: 4716338146002912, guid: 5c0c148e08165674bb5ca130b796675e, type: 3}
      propertyPath: m_LocalPosition.z
      value: 7.0954
      objectReference: {fileID: 0}
    - target: {fileID: 4716338146002912, guid: 5c0c148e08165674bb5ca130b796675e, type: 3}
      propertyPath: m_LocalRotation.x
      value: 0.00000008940696
      objectReference: {fileID: 0}
    - target: {fileID: 4716338146002912, guid: 5c0c148e08165674bb5ca130b796675e, type: 3}
      propertyPath: m_LocalRotation.y
      value: -0.4999992
      objectReference: {fileID: 0}
    - target: {fileID: 4716338146002912, guid: 5c0c148e08165674bb5ca130b796675e, type: 3}
      propertyPath: m_LocalRotation.z
      value: -0
      objectReference: {fileID: 0}
    - target: {fileID: 4716338146002912, guid: 5c0c148e08165674bb5ca130b796675e, type: 3}
      propertyPath: m_LocalRotation.w
      value: 0.8660259
      objectReference: {fileID: 0}
    - target: {fileID: 4716338146002912, guid: 5c0c148e08165674bb5ca130b796675e, type: 3}
      propertyPath: m_RootOrder
      value: 5
      objectReference: {fileID: 0}
    - target: {fileID: 4716338146002912, guid: 5c0c148e08165674bb5ca130b796675e, type: 3}
      propertyPath: m_LocalEulerAnglesHint.x
      value: 0
      objectReference: {fileID: 0}
    - target: {fileID: 4716338146002912, guid: 5c0c148e08165674bb5ca130b796675e, type: 3}
      propertyPath: m_LocalEulerAnglesHint.y
      value: -60.000004
      objectReference: {fileID: 0}
    - target: {fileID: 4716338146002912, guid: 5c0c148e08165674bb5ca130b796675e, type: 3}
      propertyPath: m_LocalEulerAnglesHint.z
      value: 0
      objectReference: {fileID: 0}
    m_RemovedComponents: []
  m_SourcePrefab: {fileID: 100100000, guid: 5c0c148e08165674bb5ca130b796675e, type: 3}
--- !u!4 &2598286859378468727 stripped
Transform:
  m_CorrespondingSourceObject: {fileID: 4716338146002912, guid: 5c0c148e08165674bb5ca130b796675e,
    type: 3}
  m_PrefabInstance: {fileID: 2602580709852110999}
  m_PrefabAsset: {fileID: 0}
--- !u!1001 &3067129648983835495
PrefabInstance:
  m_ObjectHideFlags: 0
  serializedVersion: 2
  m_Modification:
    m_TransformParent: {fileID: 2512409263974106960}
    m_Modifications:
    - target: {fileID: 1544634109320942, guid: 5ca1e3feb45a2cb46bbda5fa648c9d8c, type: 3}
      propertyPath: m_Name
      value: RoadPiece_Zigzag_01
      objectReference: {fileID: 0}
    - target: {fileID: 4500948803944494, guid: 5ca1e3feb45a2cb46bbda5fa648c9d8c, type: 3}
      propertyPath: m_LocalPosition.x
      value: -0.51
      objectReference: {fileID: 0}
    - target: {fileID: 4500948803944494, guid: 5ca1e3feb45a2cb46bbda5fa648c9d8c, type: 3}
      propertyPath: m_LocalPosition.y
      value: -1.59
      objectReference: {fileID: 0}
    - target: {fileID: 4500948803944494, guid: 5ca1e3feb45a2cb46bbda5fa648c9d8c, type: 3}
      propertyPath: m_LocalPosition.z
      value: 0
      objectReference: {fileID: 0}
    - target: {fileID: 4500948803944494, guid: 5ca1e3feb45a2cb46bbda5fa648c9d8c, type: 3}
      propertyPath: m_LocalRotation.x
      value: -0
      objectReference: {fileID: 0}
    - target: {fileID: 4500948803944494, guid: 5ca1e3feb45a2cb46bbda5fa648c9d8c, type: 3}
      propertyPath: m_LocalRotation.y
      value: -0.49999914
      objectReference: {fileID: 0}
    - target: {fileID: 4500948803944494, guid: 5ca1e3feb45a2cb46bbda5fa648c9d8c, type: 3}
      propertyPath: m_LocalRotation.z
      value: -0
      objectReference: {fileID: 0}
    - target: {fileID: 4500948803944494, guid: 5ca1e3feb45a2cb46bbda5fa648c9d8c, type: 3}
      propertyPath: m_LocalRotation.w
      value: 0.86602587
      objectReference: {fileID: 0}
    - target: {fileID: 4500948803944494, guid: 5ca1e3feb45a2cb46bbda5fa648c9d8c, type: 3}
      propertyPath: m_RootOrder
      value: 4
      objectReference: {fileID: 0}
    - target: {fileID: 4500948803944494, guid: 5ca1e3feb45a2cb46bbda5fa648c9d8c, type: 3}
      propertyPath: m_LocalEulerAnglesHint.x
      value: 0
      objectReference: {fileID: 0}
    - target: {fileID: 4500948803944494, guid: 5ca1e3feb45a2cb46bbda5fa648c9d8c, type: 3}
      propertyPath: m_LocalEulerAnglesHint.y
      value: -60.000004
      objectReference: {fileID: 0}
    - target: {fileID: 4500948803944494, guid: 5ca1e3feb45a2cb46bbda5fa648c9d8c, type: 3}
      propertyPath: m_LocalEulerAnglesHint.z
      value: 0
      objectReference: {fileID: 0}
    m_RemovedComponents: []
  m_SourcePrefab: {fileID: 100100000, guid: 5ca1e3feb45a2cb46bbda5fa648c9d8c, type: 3}
--- !u!4 &3071278734521434953 stripped
Transform:
  m_CorrespondingSourceObject: {fileID: 4500948803944494, guid: 5ca1e3feb45a2cb46bbda5fa648c9d8c,
    type: 3}
  m_PrefabInstance: {fileID: 3067129648983835495}
  m_PrefabAsset: {fileID: 0}
--- !u!1001 &5096095919846598341
PrefabInstance:
  m_ObjectHideFlags: 0
  serializedVersion: 2
  m_Modification:
    m_TransformParent: {fileID: 2512409263974106960}
    m_Modifications:
    - target: {fileID: 1736262595128118, guid: c7b75dc41f935864a96d0bbafba92ae6, type: 3}
      propertyPath: m_Name
      value: PineTree_04 (1)
      objectReference: {fileID: 0}
    - target: {fileID: 4052899613488814, guid: c7b75dc41f935864a96d0bbafba92ae6, type: 3}
      propertyPath: m_LocalPosition.x
      value: -1.05
      objectReference: {fileID: 0}
    - target: {fileID: 4052899613488814, guid: c7b75dc41f935864a96d0bbafba92ae6, type: 3}
      propertyPath: m_LocalPosition.y
      value: -1.61
      objectReference: {fileID: 0}
    - target: {fileID: 4052899613488814, guid: c7b75dc41f935864a96d0bbafba92ae6, type: 3}
      propertyPath: m_LocalPosition.z
      value: 4.25
      objectReference: {fileID: 0}
    - target: {fileID: 4052899613488814, guid: c7b75dc41f935864a96d0bbafba92ae6, type: 3}
      propertyPath: m_LocalRotation.x
      value: -0.11372979
      objectReference: {fileID: 0}
    - target: {fileID: 4052899613488814, guid: c7b75dc41f935864a96d0bbafba92ae6, type: 3}
      propertyPath: m_LocalRotation.y
      value: -0.04272832
      objectReference: {fileID: 0}
    - target: {fileID: 4052899613488814, guid: c7b75dc41f935864a96d0bbafba92ae6, type: 3}
      propertyPath: m_LocalRotation.z
      value: -0.02836637
      objectReference: {fileID: 0}
    - target: {fileID: 4052899613488814, guid: c7b75dc41f935864a96d0bbafba92ae6, type: 3}
      propertyPath: m_LocalRotation.w
      value: 0.99218714
      objectReference: {fileID: 0}
    - target: {fileID: 4052899613488814, guid: c7b75dc41f935864a96d0bbafba92ae6, type: 3}
      propertyPath: m_RootOrder
      value: 1
      objectReference: {fileID: 0}
    - target: {fileID: 4052899613488814, guid: c7b75dc41f935864a96d0bbafba92ae6, type: 3}
      propertyPath: m_LocalEulerAnglesHint.x
      value: -13.186001
      objectReference: {fileID: 0}
    - target: {fileID: 4052899613488814, guid: c7b75dc41f935864a96d0bbafba92ae6, type: 3}
      propertyPath: m_LocalEulerAnglesHint.y
      value: -4.6150002
      objectReference: {fileID: 0}
    - target: {fileID: 4052899613488814, guid: c7b75dc41f935864a96d0bbafba92ae6, type: 3}
      propertyPath: m_LocalEulerAnglesHint.z
      value: -2.742
      objectReference: {fileID: 0}
    - target: {fileID: 4052899613488814, guid: c7b75dc41f935864a96d0bbafba92ae6, type: 3}
      propertyPath: m_LocalScale.x
      value: 2.7342613
      objectReference: {fileID: 0}
    - target: {fileID: 4052899613488814, guid: c7b75dc41f935864a96d0bbafba92ae6, type: 3}
      propertyPath: m_LocalScale.y
      value: 2.7342608
      objectReference: {fileID: 0}
    - target: {fileID: 4052899613488814, guid: c7b75dc41f935864a96d0bbafba92ae6, type: 3}
      propertyPath: m_LocalScale.z
      value: 2.7342606
      objectReference: {fileID: 0}
    m_RemovedComponents: []
  m_SourcePrefab: {fileID: 100100000, guid: c7b75dc41f935864a96d0bbafba92ae6, type: 3}
--- !u!4 &5095433932078551147 stripped
Transform:
  m_CorrespondingSourceObject: {fileID: 4052899613488814, guid: c7b75dc41f935864a96d0bbafba92ae6,
    type: 3}
  m_PrefabInstance: {fileID: 5096095919846598341}
  m_PrefabAsset: {fileID: 0}
--- !u!1001 &5236907743895679892
PrefabInstance:
  m_ObjectHideFlags: 0
  serializedVersion: 2
  m_Modification:
    m_TransformParent: {fileID: 2512409263974106960}
    m_Modifications:
    - target: {fileID: 1786679811346284, guid: 59667aa5669d31949ab59ec718a9b4e4, type: 3}
      propertyPath: m_Name
      value: PineTree_02 (1)
      objectReference: {fileID: 0}
    - target: {fileID: 4660637168992986, guid: 59667aa5669d31949ab59ec718a9b4e4, type: 3}
      propertyPath: m_LocalPosition.x
      value: 2.03
      objectReference: {fileID: 0}
    - target: {fileID: 4660637168992986, guid: 59667aa5669d31949ab59ec718a9b4e4, type: 3}
      propertyPath: m_LocalPosition.y
      value: -1.61
      objectReference: {fileID: 0}
    - target: {fileID: 4660637168992986, guid: 59667aa5669d31949ab59ec718a9b4e4, type: 3}
      propertyPath: m_LocalPosition.z
      value: 8.01
      objectReference: {fileID: 0}
    - target: {fileID: 4660637168992986, guid: 59667aa5669d31949ab59ec718a9b4e4, type: 3}
      propertyPath: m_LocalRotation.x
      value: -0.10019232
      objectReference: {fileID: 0}
    - target: {fileID: 4660637168992986, guid: 59667aa5669d31949ab59ec718a9b4e4, type: 3}
      propertyPath: m_LocalRotation.y
      value: -0.10196152
      objectReference: {fileID: 0}
    - target: {fileID: 4660637168992986, guid: 59667aa5669d31949ab59ec718a9b4e4, type: 3}
      propertyPath: m_LocalRotation.z
      value: -0.035100996
      objectReference: {fileID: 0}
    - target: {fileID: 4660637168992986, guid: 59667aa5669d31949ab59ec718a9b4e4, type: 3}
      propertyPath: m_LocalRotation.w
      value: 0.9891074
      objectReference: {fileID: 0}
    - target: {fileID: 4660637168992986, guid: 59667aa5669d31949ab59ec718a9b4e4, type: 3}
      propertyPath: m_RootOrder
      value: 3
      objectReference: {fileID: 0}
    - target: {fileID: 4660637168992986, guid: 59667aa5669d31949ab59ec718a9b4e4, type: 3}
      propertyPath: m_LocalEulerAnglesHint.x
      value: -11.851001
      objectReference: {fileID: 0}
    - target: {fileID: 4660637168992986, guid: 59667aa5669d31949ab59ec718a9b4e4, type: 3}
      propertyPath: m_LocalEulerAnglesHint.y
      value: -11.473001
      objectReference: {fileID: 0}
    - target: {fileID: 4660637168992986, guid: 59667aa5669d31949ab59ec718a9b4e4, type: 3}
      propertyPath: m_LocalEulerAnglesHint.z
      value: -2.8700001
      objectReference: {fileID: 0}
    - target: {fileID: 4660637168992986, guid: 59667aa5669d31949ab59ec718a9b4e4, type: 3}
      propertyPath: m_LocalScale.x
      value: 2.4260018
      objectReference: {fileID: 0}
    - target: {fileID: 4660637168992986, guid: 59667aa5669d31949ab59ec718a9b4e4, type: 3}
      propertyPath: m_LocalScale.y
      value: 2.4260018
      objectReference: {fileID: 0}
    - target: {fileID: 4660637168992986, guid: 59667aa5669d31949ab59ec718a9b4e4, type: 3}
      propertyPath: m_LocalScale.z
      value: 2.4260015
      objectReference: {fileID: 0}
    m_RemovedComponents: []
  m_SourcePrefab: {fileID: 100100000, guid: 59667aa5669d31949ab59ec718a9b4e4, type: 3}
--- !u!4 &5241544603978854734 stripped
Transform:
  m_CorrespondingSourceObject: {fileID: 4660637168992986, guid: 59667aa5669d31949ab59ec718a9b4e4,
    type: 3}
  m_PrefabInstance: {fileID: 5236907743895679892}
  m_PrefabAsset: {fileID: 0}
--- !u!1001 &7935149017935293262
PrefabInstance:
  m_ObjectHideFlags: 0
  serializedVersion: 2
  m_Modification:
    m_TransformParent: {fileID: 2512409263974106960}
    m_Modifications:
    - target: {fileID: 1786679811346284, guid: 59667aa5669d31949ab59ec718a9b4e4, type: 3}
      propertyPath: m_Name
      value: PineTree_02
      objectReference: {fileID: 0}
    - target: {fileID: 4660637168992986, guid: 59667aa5669d31949ab59ec718a9b4e4, type: 3}
      propertyPath: m_LocalPosition.x
      value: -3.47
      objectReference: {fileID: 0}
    - target: {fileID: 4660637168992986, guid: 59667aa5669d31949ab59ec718a9b4e4, type: 3}
      propertyPath: m_LocalPosition.y
      value: -1.61
      objectReference: {fileID: 0}
    - target: {fileID: 4660637168992986, guid: 59667aa5669d31949ab59ec718a9b4e4, type: 3}
      propertyPath: m_LocalPosition.z
      value: 7.51
      objectReference: {fileID: 0}
    - target: {fileID: 4660637168992986, guid: 59667aa5669d31949ab59ec718a9b4e4, type: 3}
      propertyPath: m_LocalRotation.x
      value: -0.0027011328
      objectReference: {fileID: 0}
    - target: {fileID: 4660637168992986, guid: 59667aa5669d31949ab59ec718a9b4e4, type: 3}
      propertyPath: m_LocalRotation.y
      value: 0.11078276
      objectReference: {fileID: 0}
    - target: {fileID: 4660637168992986, guid: 59667aa5669d31949ab59ec718a9b4e4, type: 3}
      propertyPath: m_LocalRotation.z
      value: 0.05007823
      objectReference: {fileID: 0}
    - target: {fileID: 4660637168992986, guid: 59667aa5669d31949ab59ec718a9b4e4, type: 3}
      propertyPath: m_LocalRotation.w
      value: 0.9925785
      objectReference: {fileID: 0}
    - target: {fileID: 4660637168992986, guid: 59667aa5669d31949ab59ec718a9b4e4, type: 3}
      propertyPath: m_RootOrder
      value: 2
      objectReference: {fileID: 0}
    - target: {fileID: 4660637168992986, guid: 59667aa5669d31949ab59ec718a9b4e4, type: 3}
      propertyPath: m_LocalEulerAnglesHint.x
      value: -0.943
      objectReference: {fileID: 0}
    - target: {fileID: 4660637168992986, guid: 59667aa5669d31949ab59ec718a9b4e4, type: 3}
      propertyPath: m_LocalEulerAnglesHint.y
      value: 12.690001
      objectReference: {fileID: 0}
    - target: {fileID: 4660637168992986, guid: 59667aa5669d31949ab59ec718a9b4e4, type: 3}
      propertyPath: m_LocalEulerAnglesHint.z
      value: 5.6720004
      objectReference: {fileID: 0}
    - target: {fileID: 4660637168992986, guid: 59667aa5669d31949ab59ec718a9b4e4, type: 3}
      propertyPath: m_LocalScale.x
      value: 2.677332
      objectReference: {fileID: 0}
    - target: {fileID: 4660637168992986, guid: 59667aa5669d31949ab59ec718a9b4e4, type: 3}
      propertyPath: m_LocalScale.y
      value: 2.6773314
      objectReference: {fileID: 0}
    - target: {fileID: 4660637168992986, guid: 59667aa5669d31949ab59ec718a9b4e4, type: 3}
      propertyPath: m_LocalScale.z
      value: 2.677332
      objectReference: {fileID: 0}
    m_RemovedComponents: []
  m_SourcePrefab: {fileID: 100100000, guid: 59667aa5669d31949ab59ec718a9b4e4, type: 3}
--- !u!4 &7930769874067925396 stripped
Transform:
  m_CorrespondingSourceObject: {fileID: 4660637168992986, guid: 59667aa5669d31949ab59ec718a9b4e4,
    type: 3}
  m_PrefabInstance: {fileID: 7935149017935293262}
  m_PrefabAsset: {fileID: 0}
--- !u!1001 &8766970874825176806
PrefabInstance:
  m_ObjectHideFlags: 0
  serializedVersion: 2
  m_Modification:
    m_TransformParent: {fileID: 2512409263974106960}
    m_Modifications:
    - target: {fileID: 1407700791445966, guid: 1e76d808bf65afe49b4f1c896528305e, type: 3}
      propertyPath: m_Name
      value: Snow_Mountain_02c
      objectReference: {fileID: 0}
    - target: {fileID: 4973573100840474, guid: 1e76d808bf65afe49b4f1c896528305e, type: 3}
      propertyPath: m_LocalPosition.x
      value: 0
      objectReference: {fileID: 0}
    - target: {fileID: 4973573100840474, guid: 1e76d808bf65afe49b4f1c896528305e, type: 3}
      propertyPath: m_LocalPosition.y
      value: -1.59
      objectReference: {fileID: 0}
    - target: {fileID: 4973573100840474, guid: 1e76d808bf65afe49b4f1c896528305e, type: 3}
      propertyPath: m_LocalPosition.z
      value: 13.88
      objectReference: {fileID: 0}
    - target: {fileID: 4973573100840474, guid: 1e76d808bf65afe49b4f1c896528305e, type: 3}
      propertyPath: m_LocalRotation.x
      value: 0.00000008146034
      objectReference: {fileID: 0}
    - target: {fileID: 4973573100840474, guid: 1e76d808bf65afe49b4f1c896528305e, type: 3}
      propertyPath: m_LocalRotation.y
      value: 0
      objectReference: {fileID: 0}
    - target: {fileID: 4973573100840474, guid: 1e76d808bf65afe49b4f1c896528305e, type: 3}
      propertyPath: m_LocalRotation.z
      value: -0
      objectReference: {fileID: 0}
    - target: {fileID: 4973573100840474, guid: 1e76d808bf65afe49b4f1c896528305e, type: 3}
      propertyPath: m_LocalRotation.w
      value: 1
      objectReference: {fileID: 0}
    - target: {fileID: 4973573100840474, guid: 1e76d808bf65afe49b4f1c896528305e, type: 3}
      propertyPath: m_RootOrder
      value: 6
      objectReference: {fileID: 0}
    - target: {fileID: 4973573100840474, guid: 1e76d808bf65afe49b4f1c896528305e, type: 3}
      propertyPath: m_LocalEulerAnglesHint.x
      value: 0
      objectReference: {fileID: 0}
    - target: {fileID: 4973573100840474, guid: 1e76d808bf65afe49b4f1c896528305e, type: 3}
      propertyPath: m_LocalEulerAnglesHint.y
      value: 0
      objectReference: {fileID: 0}
    - target: {fileID: 4973573100840474, guid: 1e76d808bf65afe49b4f1c896528305e, type: 3}
      propertyPath: m_LocalEulerAnglesHint.z
      value: 0
      objectReference: {fileID: 0}
    - target: {fileID: 4973573100840474, guid: 1e76d808bf65afe49b4f1c896528305e, type: 3}
      propertyPath: m_LocalScale.x
      value: 2
      objectReference: {fileID: 0}
    - target: {fileID: 4973573100840474, guid: 1e76d808bf65afe49b4f1c896528305e, type: 3}
      propertyPath: m_LocalScale.y
      value: 2
      objectReference: {fileID: 0}
    - target: {fileID: 4973573100840474, guid: 1e76d808bf65afe49b4f1c896528305e, type: 3}
      propertyPath: m_LocalScale.z
      value: 2
      objectReference: {fileID: 0}
    m_RemovedComponents: []
  m_SourcePrefab: {fileID: 100100000, guid: 1e76d808bf65afe49b4f1c896528305e, type: 3}
--- !u!4 &8771643180393615612 stripped
Transform:
  m_CorrespondingSourceObject: {fileID: 4973573100840474, guid: 1e76d808bf65afe49b4f1c896528305e,
    type: 3}
  m_PrefabInstance: {fileID: 8766970874825176806}
  m_PrefabAsset: {fileID: 0}
